<marcxml:record xmlns:marcxml="http://www.loc.gov/MARC21/slim" xmlns:mets="http://www.loc.gov/METS/" xmlns:bf="http://id.loc.gov/ontologies/bibframe/" xmlns:bflc="http://id.loc.gov/ontologies/bflc/" xmlns:madsrdf="http://www.loc.gov/mads/rdf/v1#" xmlns:rdf="http://www.w3.org/1999/02/22-rdf-syntax-ns#" xmlns:ri="http://id.loc.gov/ontologies/RecordInfo#" xmlns:idx="info:lc/xq-modules/lcindex" xmlns:semtriples="http://marklogic.com/semantic" xmlns:xsi="http://www.w3.org/2001/XMLSchema-instance" xmlns:xlink="http://www.w3.org/1999/xlink" xmlns:streams="info:lc/streams#">
  <marcxml:leader>03522cgm a22006377a 4500</marcxml:leader>
  <marcxml:controlfield tag="001">15783694</marcxml:controlfield>
  <marcxml:controlfield tag="005">20201021145946.0</marcxml:controlfield>
  <marcxml:controlfield tag="007">mr m|aaf|nara||ac------</marcxml:controlfield>
  <marcxml:controlfield tag="008">090622s2007    fr 095            mafre  </marcxml:controlfield>
  <marcxml:datafield tag="906" ind1=" " ind2=" ">
    <marcxml:subfield code="a">0</marcxml:subfield>
    <marcxml:subfield code="b">cbc</marcxml:subfield>
    <marcxml:subfield code="c">orignew</marcxml:subfield>
    <marcxml:subfield code="d">u</marcxml:subfield>
    <marcxml:subfield code="e">ncip</marcxml:subfield>
    <marcxml:subfield code="f">20</marcxml:subfield>
    <marcxml:subfield code="g">y-movingim</marcxml:subfield>
  </marcxml:datafield>
  <marcxml:datafield tag="955" ind1=" " ind2=" ">
    <marcxml:subfield code="u">be21 2020-10-21 TW Situational (700,</marcxml:subfield>
    <marcxml:subfield code="e">)</marcxml:subfield>
  </marcxml:datafield>
  <marcxml:datafield tag="010" ind1=" " ind2=" ">
    <marcxml:subfield code="a">  2009594372</marcxml:subfield>
  </marcxml:datafield>
  <marcxml:datafield tag="017" ind1=" " ind2=" ">
    <marcxml:subfield code="a">PA0001596139</marcxml:subfield>
    <marcxml:subfield code="b">U.S. Copyright Office</marcxml:subfield>
  </marcxml:datafield>
  <marcxml:datafield tag="040" ind1=" " ind2=" ">
    <marcxml:subfield code="a">DLC</marcxml:subfield>
    <marcxml:subfield code="c">DLC</marcxml:subfield>
    <marcxml:subfield code="e">amim</marcxml:subfield>
    <marcxml:subfield code="d">DLC</marcxml:subfield>
  </marcxml:datafield>
  <marcxml:datafield tag="041" ind1="1" ind2=" ">
    <marcxml:subfield code="a">fre</marcxml:subfield>
    <marcxml:subfield code="j">eng</marcxml:subfield>
  </marcxml:datafield>
  <marcxml:datafield tag="043" ind1=" " ind2=" ">
    <marcxml:subfield code="a">a-ir---</marcxml:subfield>
  </marcxml:datafield>
  <marcxml:datafield tag="044" ind1=" " ind2=" ">
    <marcxml:subfield code="a">fr</marcxml:subfield>
    <marcxml:subfield code="a">xxu</marcxml:subfield>
  </marcxml:datafield>
  <marcxml:datafield tag="050" ind1="0" ind2="0">
    <marcxml:subfield code="a">CGE 2791-2795 (viewing print)</marcxml:subfield>
  </marcxml:datafield>
  <marcxml:datafield tag="245" ind1="0" ind2="0">
    <marcxml:subfield code="a">Persepolis /</marcxml:subfield>
    <marcxml:subfield code="c">a Marc-Antoine Robert and Xavier Rigault presentation of a 2.4.7 Films, France 3 cinéma, the Kennedy/Marshall Co., Franche Connection Animations, Diaphana Distribution production in partnership with Celluloid Dreams, Sony Pictures Classics, Sofica EuropaCorp and Soficinema in collaboration with CNC ; directed by Marjane Satrapi and Vincent Paronnaud ; produced by Marc-Antoine Robert, Xavier Rigault ; written by Marjane Satrapi and Vincent Paronnaud ; animators, Marc Jousset, Pascal Chevet.</marcxml:subfield>
  </marcxml:datafield>
  <marcxml:datafield tag="250" ind1=" " ind2=" ">
    <marcxml:subfield code="a">[English language subtitled version].</marcxml:subfield>
  </marcxml:datafield>
  <marcxml:datafield tag="257" ind1=" " ind2=" ">
    <marcxml:subfield code="a">France ; United States.</marcxml:subfield>
  </marcxml:datafield>
  <marcxml:datafield tag="260" ind1=" " ind2=" ">
    <marcxml:subfield code="a">United States :</marcxml:subfield>
    <marcxml:subfield code="b">Sony Pictures Classics,</marcxml:subfield>
    <marcxml:subfield code="c">2007.</marcxml:subfield>
  </marcxml:datafield>
  <marcxml:datafield tag="300" ind1=" " ind2=" ">
    <marcxml:subfield code="3">viewing print.</marcxml:subfield>
    <marcxml:subfield code="a">10 film reels of 10 on 5 (ca. 95 min., ca. 8,550 ft.) :</marcxml:subfield>
    <marcxml:subfield code="b">sd., col. and b&amp;w ;</marcxml:subfield>
    <marcxml:subfield code="c">35 mm.</marcxml:subfield>
  </marcxml:datafield>
  <marcxml:datafield tag="508" ind1=" " ind2=" ">
    <marcxml:subfield code="a">Executive producers, Marc Jousset, Kathleen Kennedy, Vitaliy Versace ; editor and digital compositing, Stephane Roche ; music, Olivier Bernet ; production designer, Marisa Musy.</marcxml:subfield>
  </marcxml:datafield>
  <marcxml:datafield tag="511" ind1="0" ind2=" ">
    <marcxml:subfield code="a">Voices: Chiara Mastroianni, Catherine Deneuve, Sean Penn, Gena Rowlands, and Iggy Pop.</marcxml:subfield>
  </marcxml:datafield>
  <marcxml:datafield tag="546" ind1=" " ind2=" ">
    <marcxml:subfield code="a">In French with English subtitles.</marcxml:subfield>
  </marcxml:datafield>
  <marcxml:datafield tag="520" ind1=" " ind2=" ">
    <marcxml:subfield code="a">Marjane Satrapi tells the story of her life in Tehran from ages six to fourteen, years that saw the overthrow of the Shah's regime, the triumph of the Islamic Revolution, and the devastating effects of war with Iraq.</marcxml:subfield>
  </marcxml:datafield>
  <marcxml:datafield tag="500" ind1=" " ind2=" ">
    <marcxml:subfield code="a">Summary from FirstSearch, via WWW, OCLC 316940666, June 22, 2009.</marcxml:subfield>
  </marcxml:datafield>
  <marcxml:datafield tag="500" ind1=" " ind2=" ">
    <marcxml:subfield code="a">Based on the graphic novels by Marjane Satrapi.</marcxml:subfield>
  </marcxml:datafield>
  <marcxml:datafield tag="521" ind1="8" ind2=" ">
    <marcxml:subfield code="a">MPAA rating: PG-13.</marcxml:subfield>
  </marcxml:datafield>
  <marcxml:datafield tag="500" ind1=" " ind2=" ">
    <marcxml:subfield code="a">Not viewed.</marcxml:subfield>
  </marcxml:datafield>
  <marcxml:datafield tag="500" ind1=" " ind2=" ">
    <marcxml:subfield code="a">Sources used: copyright database; All-movie guide WWW site, June 22, 2009; Variety WWW site, review posted May 23, 2007, viewed June 22, 2009; Internet movie database, via WWW, June 22, 2009; FirstSearch, via WWW, OCLC 316940666, June 22, 2009.</marcxml:subfield>
  </marcxml:datafield>
  <marcxml:datafield tag="600" ind1="1" ind2="0">
    <marcxml:subfield code="a">Satrapi, Marjane,</marcxml:subfield>
    <marcxml:subfield code="d">1969-</marcxml:subfield>
    <marcxml:subfield code="v">Drama.</marcxml:subfield>
  </marcxml:datafield>
  <marcxml:datafield tag="650" ind1=" " ind2="0">
    <marcxml:subfield code="a">Young women</marcxml:subfield>
    <marcxml:subfield code="z">Iran</marcxml:subfield>
    <marcxml:subfield code="z">Tehran</marcxml:subfield>
    <marcxml:subfield code="v">Biography</marcxml:subfield>
    <marcxml:subfield code="v">Drama.</marcxml:subfield>
  </marcxml:datafield>
  <marcxml:datafield tag="650" ind1=" " ind2="0">
    <marcxml:subfield code="a">Authors, Iranian</marcxml:subfield>
    <marcxml:subfield code="y">20th century</marcxml:subfield>
    <marcxml:subfield code="v">Biography</marcxml:subfield>
    <marcxml:subfield code="v">Drama.</marcxml:subfield>
  </marcxml:datafield>
  <marcxml:datafield tag="651" ind1=" " ind2="0">
    <marcxml:subfield code="a">Iran</marcxml:subfield>
    <marcxml:subfield code="x">History</marcxml:subfield>
    <marcxml:subfield code="y">Revolution, 1979</marcxml:subfield>
    <marcxml:subfield code="v">Drama.</marcxml:subfield>
  </marcxml:datafield>
  <marcxml:datafield tag="650" ind1=" " ind2="0">
    <marcxml:subfield code="a">Islamic fundamentalism</marcxml:subfield>
    <marcxml:subfield code="z">Iran</marcxml:subfield>
    <marcxml:subfield code="v">Drama.</marcxml:subfield>
  </marcxml:datafield>
  <marcxml:datafield tag="655" ind1=" " ind2="7">
    <marcxml:subfield code="a">Feature films.</marcxml:subfield>
    <marcxml:subfield code="2">lcgft</marcxml:subfield>
  </marcxml:datafield>
  <marcxml:datafield tag="655" ind1=" " ind2="7">
    <marcxml:subfield code="a">Fiction films.</marcxml:subfield>
    <marcxml:subfield code="2">lcgft</marcxml:subfield>
  </marcxml:datafield>
  <marcxml:datafield tag="655" ind1=" " ind2="7">
    <marcxml:subfield code="a">Coming-of-age films.</marcxml:subfield>
    <marcxml:subfield code="2">lcgft</marcxml:subfield>
  </marcxml:datafield>
  <marcxml:datafield tag="655" ind1=" " ind2="7">
    <marcxml:subfield code="a">Animated films.</marcxml:subfield>
    <marcxml:subfield code="2">lcgft</marcxml:subfield>
  </marcxml:datafield>
  <marcxml:datafield tag="655" ind1=" " ind2="7">
    <marcxml:subfield code="a">Autobiographical films.</marcxml:subfield>
    <marcxml:subfield code="2">lcgft</marcxml:subfield>
  </marcxml:datafield>
  <marcxml:datafield tag="700" ind1="1" ind2=" ">
    <marcxml:subfield code="a">Satrapi, Marjane,</marcxml:subfield>
    <marcxml:subfield code="d">1969-</marcxml:subfield>
    <marcxml:subfield code="e">direction,</marcxml:subfield>
    <marcxml:subfield code="e">writing.</marcxml:subfield>
  </marcxml:datafield>
  <marcxml:datafield tag="700" ind1="1" ind2=" ">
    <marcxml:subfield code="a">Paronnaud, Vincent,</marcxml:subfield>
    <marcxml:subfield code="d">1970-</marcxml:subfield>
    <marcxml:subfield code="e">direction,</marcxml:subfield>
    <marcxml:subfield code="e">writing.</marcxml:subfield>
  </marcxml:datafield>
  <marcxml:datafield tag="700" ind1="1" ind2=" ">
    <marcxml:subfield code="a">Robert, Marc-Antoine,</marcxml:subfield>
    <marcxml:subfield code="e">production.</marcxml:subfield>
  </marcxml:datafield>
  <marcxml:datafield tag="700" ind1="1" ind2=" ">
    <marcxml:subfield code="a">Rigault, Xavier,</marcxml:subfield>
    <marcxml:subfield code="e">production.</marcxml:subfield>
  </marcxml:datafield>
  <marcxml:datafield tag="700" ind1="1" ind2=" ">
    <marcxml:subfield code="a">Jousset, Marc.</marcxml:subfield>
  </marcxml:datafield>
  <marcxml:datafield tag="700" ind1="1" ind2=" ">
    <marcxml:subfield code="a">Chevet, Pascal.</marcxml:subfield>
  </marcxml:datafield>
  <marcxml:datafield tag="700" ind1="1" ind2=" ">
    <marcxml:subfield code="a">Mastroianni, Chiara,</marcxml:subfield>
    <marcxml:subfield code="d">1972-</marcxml:subfield>
    <marcxml:subfield code="e">voice.</marcxml:subfield>
  </marcxml:datafield>
  <marcxml:datafield tag="700" ind1="1" ind2=" ">
    <marcxml:subfield code="a">Deneuve, Catherine,</marcxml:subfield>
    <marcxml:subfield code="d">1943-</marcxml:subfield>
    <marcxml:subfield code="e">voice.</marcxml:subfield>
  </marcxml:datafield>
  <marcxml:datafield tag="700" ind1="1" ind2=" ">
    <marcxml:subfield code="a">Penn, Sean,</marcxml:subfield>
    <marcxml:subfield code="d">1960-</marcxml:subfield>
    <marcxml:subfield code="e">voice.</marcxml:subfield>
  </marcxml:datafield>
  <marcxml:datafield tag="710" ind1="2" ind2=" ">
    <marcxml:subfield code="a">2.4.7. Films.</marcxml:subfield>
  </marcxml:datafield>
  <marcxml:datafield tag="710" ind1="2" ind2=" ">
    <marcxml:subfield code="a">France 3 cinéma (Firm)</marcxml:subfield>
  </marcxml:datafield>
  <marcxml:datafield tag="710" ind1="2" ind2=" ">
    <marcxml:subfield code="a">Kennedy/Marshall Company.</marcxml:subfield>
  </marcxml:datafield>
  <marcxml:datafield tag="710" ind1="2" ind2=" ">
    <marcxml:subfield code="a">Franche Connection Animations (Firm)</marcxml:subfield>
  </marcxml:datafield>
  <marcxml:datafield tag="710" ind1="2" ind2=" ">
    <marcxml:subfield code="a">Copyright Collection (Library of Congress)</marcxml:subfield>
    <marcxml:subfield code="5">DLC</marcxml:subfield>
  </marcxml:datafield>
</marcxml:record>
